<?xml version="1.0" encoding="UTF-8"?><collection xmlns="http://www.loc.gov/MARC21/slim"><record><leader>00543nam--2200193-i-4500</leader><controlfield tag="001">000026572</controlfield><controlfield tag="002">20161230</controlfield><controlfield tag="005">20161230201036</controlfield><controlfield tag="008">060222s1000------------r-----000-0-ger-d</controlfield><datafield ind1=" " ind2=" " tag="040"><subfield code="a">IFIN-HH</subfield></datafield><datafield ind1=" " ind2=" " tag="041"><subfield code="a">ger</subfield></datafield><datafield ind1=" " ind2=" " tag="080"><subfield code="a">535:621.375.826:778.4</subfield></datafield><datafield ind1="1" ind2=" " tag="100"><subfield code="a">Kiemle, Horst</subfield></datafield><datafield ind1="1" ind2="0" tag="245"><subfield code="a">Einfuhrung in die technik der holographie</subfield><subfield code="c">Horst kiemle</subfield></datafield><datafield ind1=" " ind2=" " tag="260"><subfield code="a">Frankfurt Am Main</subfield><subfield code="b">Akademische Verlagsgesellschaft</subfield><subfield code="c">1969</subfield></datafield><datafield ind1=" " ind2=" " tag="300"><subfield code="a">XI+334P</subfield></datafield><datafield ind1=" " ind2=" " tag="490"><subfield code="a">Technish-physikalische Sammlung</subfield></datafield><datafield ind1=" " ind2=" " tag="852"><subfield code="a">34321</subfield><subfield code="c">535</subfield></datafield><datafield ind1=" " ind2=" " tag="CAT"><subfield code="a">Sys</subfield><subfield code="c">20101028</subfield><subfield code="h">114342</subfield></datafield></record></collection>